@Book{gates:03,
  author = 	 {Bill Gates},
  title = 	 {Um Livro Muito Bom},
  publisher = 	 {Editora X},
  year = 	 {2003},
  address = 	 {local}
}

@article{mulzer2008minimum,
  title={Minimum-weight triangulation is {NP}-hard},
  author={Mulzer, Wolfgang and Rote, G{\"u}nter},
  journal={Journal of the ACM (JACM)},
  volume={55},
  number={2},
  pages={11},
  year={2008},
  publisher={ACM}
}


@article{smith:02,
   author={Smith, S. and Jones, J.},
   title={ A paper on Operations Research},
   journal={Pesquisa Operacional},
   volume={32},
   year=2002,
   pages={5-44}
}

@techreport{silva:99,
  author = {Silva, A. B. and Souza, C. D. and Santos, E. F.},
  title = {T\'\i tulo de um relat\'orio t\'ecnico},
  institution = {Universidade Z},
  year = {1999},
  number = {4},
  type = { Relat\'orios de Pesquisa em Engenharia de Produ\c c\~ao}
}
 
@InCollection{pele:04,
  author = 	 {Pel\'e, E. N. and  Rom\'ario, R. R.},
  title = 	 {Exemplo de artigo em livro, em Windows, P. T. e Linux, V. G. (Eds.)},
  booktitle = 	 {Colet\^anea de Artigos},
  publisher =    {Editora Y},
  year = 	 {2004},
  editor = 	 {CBF and FIFA}
}

@inproceedings{anna:06,
   author={Anna, A.},
   year={2006},
   title={Artigo em confer\^encia},
   booktitle={Anais do XXVIII SBPO},
   pages={123-134},
   publisher={SOBRAPO},
   address={Rio de Janeiro}
}

@misc{web:16,
  author = {Doe, Paul}, 
  title = {Web Page},
  howpublished = "\url{http://aiweb.techfak.uni-bielefeld.de/content/bworld-robot-control-software/}",
 year = {2016},
  note = {Acessado: 2016-01-02},
}


@Article{mathew2016,
  Title                    = {VPG and EPG bend-numbers of Halin Graphs},
  Author                   = {Mathew C. Francis and Abhiruk Lahiri},
  Journal                  = {Discrete Applied Mathematics},
  Year                     = {2016},

  Owner                    = {lac},
  Timestamp                = {2017.08.21}
}

%-----------------------------------
%-----------------------------------
@Article{golumbic2009,
  Title                    = {Edge intersection graphs of single bend paths on a grid},
  Author                   = {Martin Charles Golumbic and Marina Lipshteyn and  Michal Stern},
  Journal                  = {Networks},
  Year                     = {2009},
  Volume                   = {54},
  pages					   = {130-138},		
  Owner                    = {lac},
  Timestamp                = {2017.08.21}
}

%-----------------------------------
@Article{daniel2014b,
  Title                    = {On the bend-number of planar and outerplanar graphs},
  Author                   = {Daniel Heldt and Kolja Knauer and Torsten Ueckerdt},
  Journal                  = {Discrete Applied Mathematics},
  Year                     = {2014},
  Pages                    = {109-119},
  Volume                   = {179},

  Owner                    = {lac},
  Timestamp                = {2017.08.21}
}
%-----------------------------------
@Article{biedl2010,
  Title                    = {On edge-intersection graphs of k-bend paths in grids},
  Author                   = {Therese Biedl and Michal Stern},
  Journal                  = {Discrete Math},
  Year                     = {2010},
  Pages                    = {1-12},
  Volume                   = {12:1},

  Owner                    = {lac},
  Timestamp                = {2017.08.21}
}
%-----------------------------------
@Article{ries2009,
  Title                    = {Some properties of edge intersection graphs of single bend paths on a grid},
  Author                   = {Bernard Ries},
  Journal                  = {Electronic Notes in Discrete Mathematics},
  Year                     = {2009},
  Pages                    = {29-33},
  Volume                   = {34},

  Owner                    = {tanilson},
  Timestamp                = {2017.08.23}
}

%-----------------------------------
@Article{alcon2016,
  Title                    = {On the bend number of circular-arc graphs as edge intersection graphs of paths on a grid},
  Author                   = {Liliana Alc\'on and Flavia Bonomo and Guillermo Dur\'an and Marisa Gutierrez and Mar\'ia P\'ıa Mazzoleni and Bernard Ries and Mario Valencia-Pabon},
  Journal                  = {Discrete Applied Mathematics},
  Year                     = {2016},
 Pages                    = {12-21},
  Volume                   = {234},
  Owner                    = {tanilson},
  Timestamp                = {2017.08.23}
}

%-----------------------------------
@Article{cohen2014,
  Title                    = {Characterizations of cographs as intersection graphs of paths on a grid},
  Author                   = {Elad Cohen and Martin Charles Golumbic and Bernard Ries},
  Journal                  = {Discrete Applied Mathematics},
  Year                     = {2014},
   Pages                    = {46-57},
  Volume                   = {178},

  Owner                    = {tanilson},
  Timestamp                = {2017.08.23}
}

%-----------------------------------
@Article{heldt2014,
  Title                    = {Edge-intersection graphs of grid paths: the bend-number},
  Author                   = {D. Heldt and K. Knauer and T. Ueckerdt},
  Journal                  = {Discrete Applied Mathematics},
  Year                     = {2014},
  Pages                    = {144-162},
  Volume                   = {167},

  Owner                    = {tanilson},
  Timestamp                = {2017.08.23}
}

%-----------------------------------
@ARTICLE{Asinowski2009,
  author = {Andrei Asinowski and Andrew Suk},
  title = {Edge intersection graphs of systems of paths on a grid with a bounded
	number of bends},
  journal = {Discrete Applied Math},
  year = {2009},
  volume = {157},  
  pages = {3174-3180},
  owner = {tanilson},
  timestamp = {2017.09.20}
}

%-----------------------------------
@PHDTHESIS{teles2016,
  author = {Moisés Teles Carvalho Junior},
  title = {O Número de {H}elly na Convexidade Geodética em Grafos},
  school = {Programa de Pós-graduação em Engenharia de Sistemas e Computação,
	COPPE, da Universidade Federal do Rio de Janeiro},
  year = {2016},
  owner = {tanilson},
  timestamp = {2017.12.05}
}

%-----------------------------------
@MASTERSTHESIS{lozada1996,
  author = {Luis Arturo P\'erez Lozada},
  title = {T\'opicos na classe dos Grafos Clique},
  school = {Instituto de Matem\'atica, Estat'istica e Ci\^encia da Computa{\c c}\~ao, UNICAMP},
  year = {1996},
  owner = {tanilson},
  timestamp = {2017.12.05}
}

%-----------------------------------
@BOOK{johnson1979,
  title = {Computers and Intractability: A Guide to the Theory of NP-Completeness},
  publisher = {W. H. Freeman {\&} Company},
  year = {1979},
  editor = {Victor Klee},
  author = {Michael R. Garey and David S. Johnson},
  owner = {tanilson},
  timestamp = {2017.12.05}
}

%-----------------------------------
@Article{dourado2009,
  Title                    = {Complexity Aspects of the {H}elly Property: Graphs and Hypergraphs},
  Author                   = {Dourado, M. C. and Protti, F. and Szwarcfiter, J. L.},
  Journal                  = {The Electronic Journal of Combinatorics},
  publisher = {Dynamic Surveys},
  Year                     = {2009},
  pages                   = {1-53},
  Volume                   = {17},

  Owner                    = {tanilson},
  Timestamp                = {2018.02.03}
}
%-----------------------------------
@Article{booth1976,
  Title                    = {Testing for the consecutive ones property, interval graphs, and graph planarity using PQ-tree algorithms},
  Author                   = {K.S. Booth and G.S. Lueker},
  Journal                  = {Journal of Computer and System Sciences},
  Year                     = {1976},
  Pages                    = {335-379},
  Volume                   = {13},

  Owner                    = {tanilson},
  Timestamp                = {2018.03.02}
}


%-----------------------------------
@Article{martin2017,
  Title                    = {On edge intersection graphs of paths with 2 bends},
  Author                   = {Martin Pergel and Pawe\l Rz{\c a}{\. z}ewski},
  Journal                  = {Discrete Applied Mathematics},
  Year                     = {2017},
  Pages                    = {106-116},
  Volume                   = {226},

  Owner                    = {tanilson},
  Timestamp                = {2018.03.02}
}

%-----------------------------------
@Article{bergeDuchet1975,
  Title                    = {A Generalization of {G}ilmore's Theorem},
  Author                   = {Berge, C. and  Duchet, P.},
  Journal                  = {Recent Advances in Graph Theory. Proceedings 2nd Czechoslovak Symposium,},
  Year                     = {1975},
  Pages                    = {49-55},

  Owner                    = {tanilson},
  Timestamp                = {2018.04.21}
}
%-----------------------------------
@Article{robertsSpencer1971,
  Title                    = {A Characterization of Clique Graphs},
  Author                   = {Roberts, F. S. and  Spencer, J. H.},
  Journal                  = {Journal of Combinatorial Theory, Ser. B},
  Year                     = {1971},
  Pages                    = {102-108},
  Volume                   = {10},

  Owner                    = {tanilson},
  Timestamp                = {2018.04.22}
}
%-----------------------------------
@Article{golumbic2013,
  Title                    = {Single bend paths on a grid have strong {H}elly number 4},
  Author                   = {Martin Charles Golumbic and M. Lipshteyn and M. Stern},
  Journal                  = {Networks},
  Year                     = {2013},
  Pages                    = {161--163},
  Volume                   = {62},

  Owner                    = {tanilson},
  Timestamp                = {2018.10.18}
}

%-----------------------------------
@Article{bandy1990,
  Title                    = {Stretching  a  knock-knee layout  for  multilayer  wiring},
  Author                   = {M.L.  Bandy  and  M.  Sarrafzadeh},
  Journal                  = {IEEE Transactions on Computers},
  Year                     = {1990},
  Pages                    = {148-151},
  Volume                   = {39},

  Owner                    = {tanilson},
  Timestamp                = {2018.10.24}
}
%-----------------------------------
@Article{molitor1991,
  Title                    = {A  survey  on  wiring},
  Author                   = {Paul  Molitor},
  Journal                  = {Journal of Information Processing and Cybernetics, EIK},
  Year                     = {1991},
  Pages                    = {3-19},
  Volume                   = {27},

  Owner                    = {tanilson},
  Timestamp                = {2018.10.24}
}
%-----------------------------------
@Article{bornstein2019,
  author  = {Claudson F. Bornstein and Martin C. Golumbic and Tanilson D. Santos and U\'everton S. Souza and Jayme L. Szwarcfiter},
  title   = {The Complexity of {B}$_{1}$-{EPG}-{H}elly Graph Recognition},
  journal = {X Latin and American Algorithms, Graphs and Optimization Symposium (LAGOS)},
  year    = {2019},
}
%-----------------------------------
@Article{golumbic1985,
  author  = {M. C. Golumbic and R. E. Jamison},
  title   = {The edge intersection graphs of paths in a tree},
  journal = {Journal of Combinatorial Theory},
  year    = {1985},
  volume  = {B 38},
  pages   = {8–22},
}
%-----------------------------------
@Article{asinowski2012,
  author  = {A. Asinowski and E. Cohen and M. C. Golumbic and V. Limouzy and M. Lipshteyn and M. Stern},
  title   = {Vertex intersection graphs of paths on a grid},
  journal = {Journal of Graph Algorithms and Applications},
  year    = {2012},
  volume  = {16},
  number  = {2},
  pages   = {129–150},
}
%-----------------------------------
@Book{berge1973,
  title     = {Graphs and hypergraphs},
  publisher = {North-Holland Mathematical Library},
  year      = {1973},
  author    = {C. Berge},
  editor    = {Amsterdam},
}

%-----------------------------------
@article{Alcn2017VertexIG,
  title={Vertex Intersection Graphs of Paths on a Grid: Characterization Within Block Graphs},
  author={Liliana Alc{\'o}n and Flavia Bonomo and Mar{\'i}a P{\'i}a Mazzoleni},
  journal={Graphs and Combinatorics},
  year={2017},
  volume={33},
  pages={653-664}
}
%-----------------------------------
@article{asinowski2012vertex,
  title={Vertex Intersection Graphs of Paths on a Grid},
  author={Asinowski, Andrei and Cohen, Elad and Golumbic, Martin Charles and Limouzy, Vincent and Lipshteyn, Marina and Stern, Michal},
  journal={J. Graph Algorithms Appl.},
  volume={16},
  number={2},
  pages={129--150},
  year={2012}
}
%-----------------------------------
@article{asinowski2011string,
  title={String graphs of k-bend paths on a grid},
  author={Asinowski, Andrei and Cohen, Elad and Golumbic, Martin Charles and Limouzy, Vincent and Lipshteyn, Marina and Stern, Michal},
  journal={Electronic Notes in Discrete Mathematics},
  volume={37},
  pages={141--146},
  year={2011},
  publisher={Elsevier}
}
%-----------------------------------
@inproceedings{chaplick2011recognizing,
  title={Recognizing some subclasses of vertex intersection graphs of 0-bend paths in a grid},
  author={Chaplick, Steven and Cohen, Elad and Stacho, Juraj},
  booktitle={International Workshop on Graph-Theoretic Concepts in Computer Science},
  pages={319--330},
  year={2011},
  organization={Springer}
}
%-----------------------------------
@article{biedl20141,
  title={1-string {B}$_2$-{VPG} representation of planar graphs},
  author={Therese Biedl  and Martin Derka},
  journal={Symposium on Computational Geometry},
  volume={7},
  pages={191-215},
  year={2015}
}
%-----------------------------------
@article{golumbic2013intersection,
  title={On the intersection graphs of orthogonal line segments in the plane: characterizations of some subclasses of chordal graphs},
  author={Golumbic, Martin Charles and Ries, Bernard},
  journal={Graphs and Combinatorics},
  volume={29},
  number={3},
  pages={499--517},
  year={2013},
  publisher={Springer}
}
%-----------------------------------
@article{kay1971axiomatic,
  title={Axiomatic convexity theory and relationships between the {C}arath{\'e}odory, {H}elly, and {R}adon numbers},
  author={Kay, David and Womble, Eugene W},
  journal={Pacific Journal of Mathematics},
  volume={38},
  number={2},
  pages={471--485},
  year={1971},
  publisher={Mathematical Sciences Publishers}
}
%-----------------------------------
@article{alcon2017helly,
  title={{H}elly {EPT} graphs on bounded degree trees: Characterization and recognition},
  author={Alc{\'o}n, Liliana and Gutierrez, Marisa and Mazzoleni, Mar{\'\i}a P{\'\i}a},
  journal={Discrete Mathematics},
  volume={340},
  number={12},
  pages={2798--2806},
  year={2017},
  publisher={Elsevier}
}
%-----------------------------------
@article{dourado2006computational,
  title={Computational aspects of the {H}elly property: a survey},
  author={Dourado, Mitre C and Protti, F{\'a}bio and Szwarcfiter, Jayme L},
  journal={Journal of the Brazilian Computer Society},
  volume={12},
  number={1},
  pages={7--33},
  year={2006},
  publisher={Springer}
}
%-----------------------------------
@PhdThesis{jose2018,
  Title                    = {GRAFOS ORTH[H, S, T ]},
  Author                   = {Jos{\' e} Wilson Coura Pinto},
  School                   = {UFRJ/COPPE/Programa de Engenharia de Sistemas e Computa{\c c}{\~a}o},
  Year                     = {2018},

  Owner                    = {tanilson},
  Timestamp                = {2018.12.28}
}
%-----------------------------------
@article{moysesTelles2014,
 Title                    = {O n{\'u}mero de {H}elly na convexidade geod{\'e}tica},
  Journal                  = {Simp{\'o}sio Brasileiro de Pesquisa Operacional},
  Year                     = {2014},
  author={Junior, Mois{\'e}s Teles Carvalho and Dourado, Mitre Costa and Szwarcfiter, Jayme Luiz}
}
%-----------------------------------
@Book{jayme2018,
  title     = {Teoria Computacional de Grafos},
  publisher = {[S.l.]: Elsevier},
  year      = {2018},
  author    = {Jayme Luiz Szwarcfiter},
  month     = mar,
  isbn      = {978-8535288841},
}
%-----------------------------------
@article{DOURADO2008,
   title = {{Helly property, clique graphs, complementary graph classes, and sandwich problems}},
   journal = {{Journal of the Brazilian Computer Society}},
   author={Dourado, Mitre C. AND Petito, Priscila AND Teixeira, Rafael B. AND Figueiredo, Celina M. H. de},
   ISSN = {0104-6500},
   language = {en},
   URL = {http://www.scielo.br/scielo.php?script=sci_arttext&pid=S0104-65002008000200004&nrm=iso},
   volume = {14},
   year = {2008},
   month = {00},
   pages = {45 - 52},
   publisher = {scielo}
   }
%-----------------------------------
@article{safe2016essential,
  title={Essential obstacles to Helly circular-arc graphs},
  author={Safe, Mart{\'\i}n D},
  journal={arXiv preprint arXiv:1612.01513},
  year={2016}
}
%-----------------------------------
@article{golumbic2004recognition,
  title={The recognition of k-EPT graphs},
  author={Golumbic, Martin Charles and Lipshteyn, Marina and Stern, Michal},
  journal={Congressus Numerantium},
  volume={171},
  pages={129--139},
  year={2004},
  publisher={Citeseer}
}
%-----------------------------------
@article{lin2007faster,
  title={Faster recognition of clique-Helly and hereditary clique-Helly graphs},
  author={Lin, Min Chih and Szwarcfiter, Jayme L},
  journal={Information Processing Letters},
  volume={103},
  number={1},
  pages={40--43},
  year={2007},
  publisher={Elsevier}
}
%-----------------------------------
@article{mulder1979median,
  title={Median graphs and Helly hypergraphs.},
  author={Mulder, Henry Martyn and Schrijver, Alexander},
  journal={Discrete Mathematics},
  volume={25},
  number={1},
  pages={41--50},
  year={1979}
}
%-----------------------------------
@inproceedings{epstein2013approximation,
  title={Approximation algorithms for B 1-EPG graphs},
  author={Epstein, Dror and Golumbic, Martin Charles and Morgenstern, Gila},
  booktitle={Workshop on Algorithms and Data Structures},
  pages={328--340},
  year={2013},
  organization={Springer}
}
%-----------------------------------
@article{bonomo2017clique,
  title={Clique coloring B1-EPG graphs},
  author={Bonomo, Flavia and Mazzoleni, Mar{\'\i}a P{\'\i}a and Stein, Maya},
  journal={Discrete Mathematics},
  volume={340},
  number={5},
  pages={1008--1011},
  year={2017},
  publisher={Elsevier}
}
%-----------------------------------
@article{cameron2016edge,
  title={Edge intersection graphs of {L}-shaped paths in grids},
  author={Cameron, Kathie and Chaplick, Steven and Ho{\`a}ng, Ch{\'\i}nh T},
  journal={Discrete Applied Mathematics},
  volume={210},
  pages={185--194},
  year={2016},
  publisher={Elsevier}
}
%-----------------------------------
%-----------------------------------
%-----------------------------------
%-----------------------------------
%-----------------------------------
%-----------------------------------
%-----------------------------------
%-----------------------------------